@phdthesis{Lublinski2002,
  title={Geographical business clusters: concepts for cluster identification with an application to an alleged aeronautics cluster in Northern Germany},
  author={Lublinski, Alf Erko},
  year={2002},
  school={Staats-und Universit{\"a}tsbibliothek Hamburg Carl von Ossietzky}
}

@article{Bittencourt2019,
  title={Innovation capability of clusters: understanding the innovation of geographic business networks},
  author={Bittencourt, Bruno Anicet and Zen, Aurora Carneiro and Prévot, Frédéric},
  journal={REVIEW OF BUSINESS MANAGEMENT},
  volume={21},
  number={4},
  year={2019},
  issn={1806-4892},
  eissn={1983-0807},
  doi={10.7819/rbgn.v21i4.4016}
}

@article{CARBONARA2005213,
  title={Information and communication technology and geographical clusters: opportunities and spread},
  journal={Technovation},
  volume={25},
  number={3},
  pages={213-222},
  year={2005},
  issn={0166-4972},
  doi={10.1016/S0166-4972(03)00095-6},
  url={https://www.sciencedirect.com/science/article/pii/S0166497203000956},
  author={Nunzia Carbonara},
  keywords={Information and communication technology, Geographical clusters, E-business models, Value-creating processes}
}

@article{GRUBESIC2008129,
  title={Zip codes and spatial analysis: Problems and prospects},
  journal={Socio-Economic Planning Sciences},
  volume={42},
  number={2},
  pages={129-149},
  year={2008},
  issn={0038-0121},
  doi={10.1016/j.seps.2006.09.001},
  url={https://www.sciencedirect.com/science/article/pii/S0038012106000516},
  author={Tony H. Grubesic},
  keywords={Spatial analysis, Zip code, GIS},
}